3434 5342
384 388 445 449 tlt
801 408 931 450 ruamur
947 408 1059 449 numns
1075 409 1100 448 11

234 481 250 514 0

465 559 552 616 vitam
575 555 773 625 exlraiantem;
798 556 886 616 subiit
907 558 1022 616 deserta
1045 547 1161 617 Creusa
1187 621 1189 625 ,

467 674 496 727 et
513 667 751 745 direptndomus
771 674 799 727 ct
821 668 903 744 parri
923 685 1007 726 casus
1031 666 1093 726 inii.

468 779 591 854 respicio
612 783 654 845 ot,
678 796 752 855 qnae
775 778 812 835 sit
834 795 881 836 mc
904 778 1014 837 circum
1034 779 1133 855 copia,
1156 762 1257 836 lustross

467 888 625 958 ‹laeseruere
649 906 751 946 ornnes
774 887 897 955 defessi,
921 893 950 947 et
972 905 1096 964 corpora
1117 886 1191 947 saltu

466 998 500 1056 ad
524 1003 633 1056 terram
656 998 763 1056 misere
788 1004 837 1057 aut
858 997 975 1074 ignibus
998 1014 1086 1073 aegra
1107 997 1224 1057 dedero.

510 1164 643 1245 [iamque
665 1165 738 1225 adeo
761 1184 850 1243 super
873 1184 949 1226 riuus
973 1186 1070 1235 cram,
1098 1186 1164 1227 curu
1188 1166 1284 1225 iimina
1311 1166 1415 1226 Vestae

466 1282 630 1335 servantem
654 1283 681 1335 ct
705 1277 821 1335 tacitam
844 1284 958 1337 secreta
979 1277 1097 1337 insede
1118 1276 1266 1337 latentem

467 1385 632 1463 Tyndarida
653 1386 778 1463 aspicio;
802 1387 871 1445 darn
893 1385 970 1446 clara
993 1387 1125 1446 incendia
1148 1386 1244 1447 lucem

467 1497 576 1555 erranti
597 1497 768 1574 passimque¹
784 1495 886 1556 oculos
907 1515 961 1575 per
984 1503 1088 1556 crrncta
1111 1497 1224 1556 serenti.

466 1604 513 1664 ilia
535 1605 588 1664 sibi
612 1607 733 1666 iui'cstos
755 1625 855 1666 eversa
878 1605 915 1665 ob
940 1607 1081 1684 Pergama
1100 1606 1231 1666 Teucros

467 1722 495 1773 et
513 1733 624 1792 poenas
647 1716 778 1776 Danaum
801 1725 829 1778 et
849 1716 957 1777 deserti
979 1719 1111 1793 coniugis
1130 1718 1188 1777 iras

466 1832 687 1902 praemetuens
711 1826 816 1888 Troiae
838 1834 867 1887 et
890 1828 1000 1905 patriae
1019 1829 1182 1887 communis
1204 1828 1315 1906 erinys,

420 1935 425 1944 '
466 1935 617 1995 abdiderat
638 1954 702 1996 sese
721 1943 807 2015 atque
831 1941 889 1996 aris
912 1940 1000 1998 invisa
1020 1937 1149 1999 sedebat.

468 2044 604 2107 exarsere
627 2047 710 2122 ignes
732 2049 844 2116 animo;
868 2047 946 2107 subit
967 2048 1009 2108 ira
1033 2048 1187 2126 cadentem

383 2301 583 2345 TESTIMONIA.

383 2420 494 2467 gramm.
517 2402 579 2451 1981
598 2404 629 2451 P.
710 2402 759 2451 562
780 2402 878 2452 ‘subiit
896 2403 920 2452 d.
941 2401 986 2451 Ost
1004 2403 1108 2452 Nonius
1126 2401 1186 2466 403,
1204 2402 1237 2451 22
1306 2402 1357 2453 563
1377 2404 1420 2461 ‘et
1437 2400 1523 2469 parvi

384 2488 407 2520 c.
426 2469 462 2519 L’
482 2472 637 2519 Macrobius
656 2470 714 2519 Sat.
732 2471 770 2519 lV
788 2469 812 2530 3,
832 2469 848 2520 3
933 2470 983 2519 567
1001 2470 1085 2519 schol.
1105 2472 1170 2519 Hor.
1190 2486 1269 2519 serm.
1289 2471 1305 2519 1·
1323 2470 1344 2528 l,
1362 2472 1395 2520 57
1473 2472 1521 2516 ‘et

451 2538 550 2587 lustro'
575 2538 712 2603 appendix
736 2538 770 2587 ad
793 2538 877 2588 Probi
900 2545 951 2587 art.
971 2540 1033 2587 min.
1053 2539 1085 2586 27
1104 2555 1129 2603 p.
1149 2538 1197 2586 441
1216 2538 1297 2587 Endl.
1316 2539 1428 2589 Servius
1445 2540 1516 2588 Aen.

383 2608 422 2656 XI
440 2604 490 2655 834

382 2846 479 2887 vnum
494 2846 619 2886 amomo,

438 2955 490 3007 562
506 2949 591 3003 aitarm
606 2948 824 3003 exltnnmruu
840 2949 868 3003 P
939 2893 1186 3003 nutriendorum
1202 2948 1231 3021 (L
1247 2951 1300 3005 del.
1315 2949 1402 3007 bactu
1417 2942 1506 3017 rubra)
1557 3007 1561 3031 ι

383 3067 416 3121 Μ
430 3028 607 3122 eiblnoemb
665 3066 746 3121 subiit
759 3065 777 3137 (i
788 3074 861 3137 post.
873 3066 988 3140 eras.)y
1048 3041 1222 3127 ‹ieiiaertacl
1284 3076 1337 3129 563
1350 3078 1379 3125 et
1389 3066 1505 3141 direpta

384 3202 411 3257 P
464 3144 655 3256 birunnun
717 3201 841 3274 prauicl
862 3175 992 3275 pintan
1060 3203 1298 3273 abtrcspieiOP
1368 3213 1397 3262 et
1417 3217 1503 3262 cmm
1555 3230 1557 3236 ¹

440 3287 540 3342 circum
556 3304 598 3341 me
616 3288 818 3356 appendimur}
830 3288 918 3342 Probi
934 3305 960 3342 α.
976 3305 1012 3343 m.
1076 3294 1127 3347 565
1143 3288 1312 3345 aeserVEnE
1327 3290 1355 3344 P
1413 3284 1507 3347 (teretis

384 3415 416 3463 ci
469 3364 561 3460 faltuc
622 3411 674 3463 566
690 3406 728 3460 acl
739 3405 852 3459 tcrltdbi
867 3406 899 3459 P·
956 3401 1002 3481 ad]
1022 3407 1065 3460 AT
1083 3405 1114 3477 (T
1133 3424 1209 3462 corr.
1227 3411 1256 3463 in
1274 3404 1354 3481 D)M
1370 3417 1398 3465 at
1409 3412 1458 3484 por
1555 3431 1561 3466 a

385 3496 530 3551 567-588
548 3507 600 3543 om.
618 3490 774 3563 MPyabcm
793 3507 857 3545 cum
874 3494 977 3574 carpis
997 3491 1202 3560 Beroensibus,
1219 3501 1244 3562 ap
1260 3515 1269 3546 :
1287 3494 1393 3550 laudent
1405 3489 1503 3550 Dorot-

384 3577 494 3641 la'amm,
528 3574 652 3629 Gatheai
667 3571 729 3630 'duo
752 3591 815 3630 cum
833 3577 942 3645 panacis*
963 3577 1027 3630 eliis
1051 3578 1132 3646 capua
1148 3576 1292 3648 Heynium
1307 3577 1503 3635 recentissimis
1556 3600 1558 3604 ·

385 3661 467 3713 ‘Post
488 3660 565 3713 brerae
590 3674 702 3713 versum
726 3653 796 3733 (566)
816 3660 954 3730 fuerunt,
982 3676 1052 3731 quos
1077 3661 1172 3716 Taceo
1192 3670 1220 3716 et
1241 3662 1346 3718 Varius
1362 3665 1439 3720 obliti
1452 3662 1506 3719 sard
1555 3672 1557 3676 ’

384 3743 440 3816 (qui
459 3744 514 3797 aT.
533 3752 560 3797 et
576 3742 655 3797 Vario
671 3742 770 3798 sublati
788 3752 852 3799 sunt
867 3744 1020 3816 Bergidae,
1036 3747 1086 3815 qui
1098 3748 1197 3800 saltem
1214 3745 1292 3801 obliti
1306 3763 1426 3803 servare
1439 3754 1506 3820 pott-
1552 3749 1558 3782 '¹

385 3827 441 3899 rot)
465 3848 470 3881 :
495 3828 600 3899 iamque
626 3828 691 3883 adeo
711 3870 717 3884 .
734 3870 760 3883 ..
780 3838 868 3885 mente
889 3829 1009 3885 ferebar’
1025 3830 1155 3898 Servius,
1186 3833 1237 3902 qui
1250 3834 1290 3888 ad
1303 3838 1355 3892 592
1370 3830 1506 3889 canerent

352 3936 356 3944 ,
385 3928 446 3966 asse
463 3914 531 3967 dicit
546 3911 577 3965 Vi
593 3920 641 3971 517
657 3929 718 3984 sqq.
755 3914 797 3967 ‘ia
815 3916 939 3969 recaredo
957 3914 1009 3969 dos
1030 3931 1130 3970 versus
1151 3923 1261 3971 constat
1276 3932 1337 3972 esce
1357 3920 1507 3974 detractor:

386 3998 491 4068 iamque
574 3997 692 4053 serebar'
714 3998 831 4053 Servius
851 4001 880 4053 in
902 4001 967 4054 vito.
1008 3999 1092 4055 Vocis
1106 3997 1268 4057 inclusione
1283 4007 1393 4056 tantiam
1411 4012 1508 4063 versas,

385 4083 435 4152 qui
449 4100 466 4134 o
486 4082 580 4136 Tucca
596 4088 623 4136 et
647 4083 733 4137 Vario
755 4084 831 4138 obliti
853 4085 955 4138 desunt
969 4086 998 4138 in
1015 4087 1126 4154 optimis
1146 4087 1239 4149 diaria,
1270 4104 1444 4158 quamquam
1467 4098 1509 4143 nec

385 4167 436 4219 noc
454 4170 568 4237 spurios
584 4168 671 4223 babeo
687 4184 738 4222 rece
755 4182 812 4234 eoa,
831 4170 882 4238 qai
901 4164 1127 4242 (usquoadffli)
1141 4178 1314 4241 separantur,
1327 4174 1390 4227 sine
1402 4172 1512 4244 reliquit

385 4257 463 4305 stare
475 4267 558 4321 posse
571 4258 651 4322 pato.
684 4253 846 4322 Bispatoeit
864 4255 898 4306 de
914 4253 967 4306 doc
982 4255 1041 4308 loco
1056 4271 1107 4309 suo
1123 4271 1200 4310 more
1214 4257 1331 4327 Gnippe
1345 4260 1375 4312 in
1391 4273 1423 4314 eo
1438 4259 1512 4323 libro,

387 4338 437 4404 qui
452 4336 544 4390 Minoa
567 4338 746 4404 inscribitur,
765 4354 796 4406 p.
815 4342 864 4396 173
878 4353 939 4408 sqq.
998 4345 1049 4396 566
1071 4341 1198 4395 secretam
1218 4340 1311 4396 Servii
1332 4340 1411 4398 Cass.
1470 4346 1516 4403 577

388 4420 502 4476 ltarraum
521 4439 622 4494 poenas
639 4422 732 4477 Servii
749 4421 826 4476 Coss.
887 4427 939 4482 573
953 4432 1125 4494 porrnetnons
1141 4432 1206 4481 ante
1223 4427 1372 4483 Heinsiam
1553 4419 1555 4426 ¹
