3434 5342
652 534 782 577 venarer
799 533 912 598 aarum
928 534 948 577 v

322 685 408 746 ‘rade
431 701 485 761 age
507 690 537 744 et
557 684 696 752 Ascanio,
719 684 743 743 si
763 684 820 742 iam
843 682 956 759 puerile
978 689 1113 760 paratum

320 812 424 874 agmen
446 794 537 855 hahet
557 811 659 854 seeum
680 810 843 871 cursusque
862 794 1000 853 instruxit
1021 810 1181 870 equorum,

320 906 407 966 ducat
428 922 483 964 avn
505 910 619 964 turmas
641 909 670 963 et
688 919 753 962 sese
775 902 910 962 ostendat
931 903 1081 971 inarmis,

321 1012 384 1075 die'
403 1015 452 1075 ait.
496 1014 559 1092 ipse
581 1029 698 1072 omnem
720 1011 809 1088 longo
829 1011 981 1072 discedere
1000 1014 1079 1072 circo

319 1123 446 1184 intusum
468 1122 610 1201 populum
634 1128 663 1183 et
685 1138 805 1198 campos
828 1119 910 1181 iubet
932 1139 996 1182 esse
1017 1125 1152 1201 patentis.

318 1233 457 1294 incedunt
477 1234 579 1310 pueri,
602 1233 770 1310 pariterque
794 1237 861 1291 ante
884 1249 935 1290 ora
958 1239 1112 1309 pareutum

318 1343 438 1403 frenatis
459 1340 558 1402 lucent
580 1343 608 1402 in
632 1342 729 1420 equis,
752 1358 834 1423 quas·
845 1342 940 1399 omnis
961 1342 1056 1401 euntis

317 1452 486 1512 Trinacriae
505 1453 610 1512 mirata
632 1451 733 1511 tremit
753 1451 917 1529 Troiaeque
938 1452 1082 1511 iuventus.

319 1561 456 1621 omnihus
478 1562 507 1620 in
531 1579 644 1621 morem
664 1568 750 1621 tonsa
768 1578 852 1621 noma
871 1578 972 1638 pressa
998 1578 1123 1628 eorunm

317 1689 424 1731 cornea
445 1670 515 1732 bina
536 1672 636 1732 ierunt
657 1671 785 1749 praefixa
803 1670 916 1730 hastilia
937 1671 1033 1739 terro,

317 1798 385 1860 pars
407 1780 478 1841 levis
499 1799 603 1841 umero
623 1782 792 1860 pharetras;
815 1782 838 1840 it
859 1787 979 1857 pectore
1002 1798 1117 1841 summo

316 1890 420 1951 ueritis
442 1890 551 1951 obtorti
575 1909 628 1969 per
651 1890 758 1951 nullum
782 1890 911 1979 circulus
934 1892 1007 1951 auri.

315 2006 376 2060 tres
398 2002 529 2079 equitum
551 2018 675 2061 numero
693 2007 809 2061 turmae
829 2002 965 2080 ternique
988 2006 1130 2079 vaganttu·

317 2109 469 2180 duetores;
491 2112 575 2189 pueri
597 2110 723 2171 bisseni
748 2128 895 2189 quemque
916 2112 1008 2180 secuti

316 2220 430 2296 agmine
451 2221 559 2299 partito
582 2219 695 2298 fulgent
716 2218 895 2298 paribusque
918 2220 1072 2296 magistris.

316 2346 373 2389 una
395 2331 473 2391 acies
493 2332 645 2399 iuvenum,
668 2318 748 2391 dueit
770 2348 857 2408 quam
880 2347 987 2406 parvos
1008 2335 1143 2389 orantem

223 2576 431 2619 TESTIMONIA.

225 2674 338 2726 anrem'
362 2675 474 2726 Servius
491 2675 560 2725 Aen.
578 2677 621 2726 III
638 2674 689 2725 480
711 2676 801 2725 {1142
887 2675 936 2723 552
956 2675 998 2724 ‘et
1059 2711 1065 2723 .
1084 2674 1228 2741 patentes’
1254 2676 1365 2728 Servius

223 2743 296 2792 Aen.
316 2741 356 2791 VI
371 2742 422 2791 412
490 2742 541 2793 555
560 2741 654 2794 ‘tonna
666 2759 690 2794 c.
702 2759 729 2808 p.
742 2741 782 2793 e.’
801 2742 914 2793 Servius
931 2743 998 2791 Aen.
1018 2744 1032 2792 I
1050 2741 1098 2791 701

222 2982 324 3027 venne
340 2982 466 3025 uncum.

279 3091 339 3202 348
357 3092 386 3141 et
406 3080 538 3161 Ascania]
562 3085 723 3142 adehanioc
784 3085 942 3142 Pvnnntn
956 3086 1017 3160 Pyt
1077 3094 1201 3160 peratum
1216 3097 1248 3162 γι
1264 3088 1366 3145 PARA·
1433 3086 1435 3090 ’

226 3219 294 3277 TVS
309 3220 357 3276 P:
373 3221 451 3293 quod
464 3237 521 3276 non
536 3221 673 3291 displicet.
690 3222 735 3276 An
754 3223 884 3296 paratos?
928 3228 979 3281 549
996 3222 1083 3277 tecum
1099 3238 1180 3277 ome
1235 3222 1366 3290 AEQUO·

224 3336 352 3395 nuvn
421 3345 472 3399 aar
488 3337 662 3394 ursumnnn
681 3340 709 3394 P
741 3311 896 3395 airaenuere
920 3334 938 3412 u
962 3345 989 3393 u
1009 3356 1027 3393 n
1048 3336 1137 3409 eras.)
1151 3356 1178 3412 γΙ
1199 3307 1364 3397 urrunnun

967 3415 984 3454 n

223 3473 320 3530 mnne
383 3479 435 3534 552
447 3471 591 3529 munstur
607 3468 669 3545 (tur
685 3477 771 3531 minio
782 3469 873 3549 p.)M
932 3472 1044 3528 iussin
1067 3472 1176 3545 (ipost.
1194 3490 1270 3529 corr.
1287 3475 1316 3530 in
1333 3472 1363 3551 Ε)

223 3557 261 3613 M
313 3556 551 3614 permansum
623 3566 675 3619 553
699 3559 841 3614 ‘incedunt
862 3558 955 3632 pueri:
978 3564 1028 3612 aut
1040 3560 1153 3628 poetica
1168 3559 1282 3613 lieentia
1298 3576 1365 3616 con·

221 3641 323 3714 fundit
337 3647 463 3709 aetates,
488 3648 519 3698 ut
540 3644 621 3699 modo
640 3658 750 3714 pueros
771 3645 852 3699 modo
873 3645 989 3698 iuvenes
1004 3643 1081 3698 dicat
1159 3649 1210 3698 aut
1226 3650 1304 3699 certe
1319 3661 1382 3702 se·

222 3727 351 3783 cundum
375 3728 513 3798 quasdam
533 3729 664 3798 sequenti
677 3729 855 3783 distinctione
873 3734 983 3783 mutata
1002 3729 1153 3799 magistras
1165 3743 1273 3798 pueros
1289 3731 1364 3793 dicit,

224 3817 377 3882 sequentes
394 3808 573 3885 (parentent)
588 3827 655 3867 vero
671 3814 839 3868 maturioris
854 3810 971 3868 aetatis’
994 3811 1112 3868 Servius
1126 3815 1198 3868 cont.
1215 3815 1311 3871 eodem
1327 3817 1367 3872 ad

223 3952 274 4005 561
335 3937 387 4006 554
403 3946 498 4019 aequis
509 3964 528 4021 y
576 3948 673 4003 euntes
683 3947 699 4001 b
748 3953 798 4007 557
814 3946 921 4002 Cornua
936 3955 968 4005 cl
1035 3889 1187 4002 HASTILLA
1205 3946 1253 4004 Mc
1278 4026 1282 4032 ι
1312 3957 1365 4010 558

224 4080 346 4195 Ἰέυιηετο
361 4096 397 4155 yc
459 4081 480 4137 it
498 4098 534 4137 m.
557 4087 574 4139 2
594 4084 624 4137 in
645 4097 704 4137 ras.
722 4098 737 4137 c
753 4082 811 4138 {ET
826 4082 854 4137 P
872 4024 914 4138 ΙΕΤ
929 4081 950 4153 (l
963 4097 1032 4152 sup..
1044 4082 1129 4137 minio
1140 4080 1183 4156 p.)
1198 4082 1232 4137 M
1243 4083 1285 4139 ET
1301 4083 1363 4143 nm

223 4211 276 4287 &y
290 4214 326 4270 ‘it
340 4232 397 4289 ns.
412 4236 418 4270 :
432 4217 476 4272 sie
490 4217 639 4287 tegendum
657 4222 713 4284 est,
729 4232 765 4272 ne
780 4185 817 4272 eit
830 4218 1027 4273 soloecismus’
1043 4216 1161 4273 Servius
1220 4223 1272 4277 560
1290 4217 1363 4274 TRJS

221 4297 309 4356 Mtte
363 4298 628 4382 NVMEROTVRMAE
639 4302 666 4356 P
677 4301 946 4358 TVRMAENVMERO
961 4302 988 4357 R
1047 4308 1096 4361 561
1114 4302 1257 4359 ‘ductores
1268 4303 1361 4375 pueri:

221 4418 406 4489 hirquinum
429 4419 620 4491 distinguunt,
651 4427 683 4475 ut
703 4421 832 4477 diximus
852 4421 959 4491 supra’
984 4418 1056 4491 (553)
1078 4418 1196 4475 Servius
1262 4397 1362 4479 Finem

220 4512 333 4610 {aaran
393 4542 444 4597 aaa
457 4536 586 4593 runvvs
606 4537 714 4612 urgeo
